<record><leader>00000cas a22000007a 4500</leader><controlfield tag="001">16151404</controlfield><controlfield tag="008">870709d19021909iauwr ne      0    0eng d</controlfield><datafield ind1=" " ind2=" " tag="010"><subfield code="a">sn 87058471 </subfield></datafield><datafield ind1=" " ind2=" " tag="040"><subfield code="a">INP</subfield><subfield code="b">eng</subfield><subfield code="c">INP</subfield><subfield code="d">OCLCQ</subfield></datafield><datafield ind1=" " ind2=" " tag="042"><subfield code="a">msc</subfield></datafield><datafield ind1="0" ind2="4" tag="245"><subfield code="a">The Winnebago County Republican.</subfield></datafield><datafield ind1=" " ind2=" " tag="260"><subfield code="a">Forest City, Winnebago County, Iowa :</subfield><subfield code="b">Luther I. Aasgaard</subfield></datafield><datafield ind1=" " ind2=" " tag="300"><subfield code="a">v.</subfield></datafield><datafield ind1=" " ind2=" " tag="310"><subfield code="a">Weekly</subfield></datafield><datafield ind1="1" ind2=" " tag="362"><subfield code="a">Began in 1902; ceased in 1909.</subfield></datafield><datafield ind1=" " ind2=" " tag="588"><subfield code="a">Description based on: Vol. 3, no. 3 (Jan. 6, 1904).</subfield></datafield><datafield ind1=" " ind2=" " tag="752"><subfield code="a">United States</subfield><subfield code="b">Iowa</subfield><subfield code="c">Winnebago</subfield><subfield code="d">Forest City.</subfield></datafield><datafield ind1="0" ind2="0" tag="785"><subfield code="t">Winnebago Republican</subfield><subfield code="w">(DLC)sn 87058472</subfield></datafield></record>